<?xml version="1.0" encoding="UTF-8"?><collection xmlns="http://www.loc.gov/MARC21/slim"><record><leader>00375nam--2200121-i-4500</leader><controlfield tag="001">000016407</controlfield><controlfield tag="002">20161230</controlfield><controlfield tag="005">20161230201031</controlfield><controlfield tag="008">060222s1000------------r-----000-0-eng-d</controlfield><datafield ind1=" " ind2=" " tag="100"><subfield code="a">Degeilh,Andre</subfield></datafield><datafield ind1=" " ind2=" " tag="245"><subfield code="a">Etudes experimentale et theorique des sources d ions positife a excitation electrique de haute frequence.these</subfield></datafield><datafield ind1=" " ind2=" " tag="260"><subfield code="a">Toulouse,Universite,1962. 127p</subfield></datafield><datafield ind1=" " ind2=" " tag="852"><subfield code="a">78205</subfield></datafield></record></collection>